@BOOK{IntroEmbeddedSystems,
  TITLE = {Introduction to ARM Cortex-M Microcontrollers},
  SUBTITLE = {Embedded Systems},
  AUTHOR = {Valvano, Jonathan W.},
  YEAR = {2017}, 
  PUBLISHER = {self-published},
}

@BOOK{DefinitiveGuide,
  TITLE = {The Definitive Guide to ARM Cortex-M3 and Cortex-M4 processors},
  AUTHOR = {Yiu, Joseph},
  YEAR = {2014}, 
  PUBLISHER = {Newnes},
}

@manual{CC3220s_reference_manual,
    organization  = "Texas Instruments",
    title         = "CC3220 SimpleLink™ Wi-Fi® and Internet of Things Technical Reference Manual",
    number        = "SWRU465",
    year          =  2017,
    month         =  2
}
